@article{corbellini17,
	author = "Alejandro Corbellini and Cristian Mateos and Alejandro Zunino and Daniela Godoy and Silvia Schiaffino",
	title = "Persisting big-data: The NoSQL landscape",
	journal = "Information Systems",
	volume = "63",
	pages = "1 - 23",
	year = "2017",
	issn = "0306-4379",
	doi = "https://doi.org/10.1016/j.is.2016.07.009",
	url = "http://www.sciencedirect.com/science/article/pii/S0306437916303210",
	keywords = "NoSQL databases, Relational databases, Distributed systems, Database persistence, Database distribution, Big data"
}

@misc{nascita,
	author = "Stefano Bernardi",
	title = "An interview with Salvatore Sanfilippo, creator of Redis, working out of Sicily",
	month = "1",
	year = "2011",
	url = "http://www.eu-startups.com/2011/01/an-interview-with-salvatore-sanfilippo-creator-of-redis-working-out-of-sicily/",
	howpublished = "EU Startups",
	note = "[Online; Visited on January 2018]",
}

@misc{murmur2flaw,
	author = "Austin Appleby",
	title = "MurmurHash2Flaw",
	month = "1",
	year = "2016",
	url = "https://github.com/aappleby/smhasher/wiki/MurmurHash2Flaw",
	howpublished = "SMHasher GitHub",
	note = "[Online; Visited on January 2018]",
}

@inproceedings{hyperloglog,
	title = {{HyperLogLog: the analysis of a near-optimal cardinality estimation algorithm}},
	author = {Flajolet, Philippe and Fusy, {\'E}ric and Gandouet, Olivier and Meunier, Fr{\'e}d{\'e}ric},
	url = {https://hal.inria.fr/hal-00406166},
	booktitle = {{AofA: Analysis of Algorithms}},
	address = {Juan les Pins, France},
	editor = {Jacquet, Philippe},
	publisher = {{Discrete Mathematics and Theoretical Computer Science}},
	series = {DMTCS Proceedings},
	volume = {DMTCS Proceedings vol. AH, 2007 Conference on Analysis of Algorithms (AofA 07)},
	pages = {137-156},
	year = {2007},
	month = "Jun",
	keywords = {cardinality estimation ; Probabilistic algorithm},
	pdf = {https://hal.inria.fr/hal-00406166/file/dmAH0110.pdf},
	hal_id = {hal-00406166},
	hal_version = {v2},
}

@inproceedings{hyperloglog-plusplus,
	title = {HyperLogLog in Practice: Algorithmic Engineering of a State of The Art Cardinality Estimation Algorithm},
	author  = {Stefan Heule and Marc Nunkesser and Alex Hall},
	year  = {2013},
	booktitle = {Proceedings of the EDBT 2013 Conference},
	address = {Genoa, Italy},
	url = {https://research.google.com/pubs/pub40671.html},
	pdf = {https://research.google.com/pubs/archive/40671.pdf},
}

@misc{hyperloglog-explain,
	author = "Juan Lopes",
	title = {Answer to question: "How does the HyperLogLog algorithm work?"},
	month = "10",
	year = "2012",
	url = "https://stackoverflow.com/a/12734343/118015",
	howpublished = "Stack Overflow",
	note = "[Online; Visited on January 2018]",
}

@misc{fb-mau,
	author = "Josh Cosentine",
	title = "Facebook now has 2 billion monthly users... and responsibility",
	month = "6",
	year = "2017",
	url = "https://techcrunch.com/2017/06/27/facebook-2-billion-users/",
	howpublished = "TechCrunch",
	note = "[Online; Visited on January 2018]",
}

@misc{aws-latency,
	author = "Steve Newman",
	title = "Three latency anomalies",
	month = "4",
	year = "2010",
	url = "http://amistrongeryet.blogspot.it/2010/04/three-latency-anomalies.html",
	howpublished = "Personal Blog",
	note = "[Online; Visited on January 2018]",
}

@misc{tcp-cork,
	author = "Chris Baus",
	title = "TCP\_CORK: More than you ever wanted to know",
	month = "6",
	year = "2005",
	url = "http://baus.net/on-tcp_cork",
	howpublished = "Personal Blog",
	note = "[Online; Visited on January 2018]",
}

@techreport{rfc896,
	author = {John Nagle},
	title = {Congestion Control in IP/TCP Internetworks},
	howpublished = {Internet Requests for Comments},
	type = {RFC},
	number = {896},
	year = {1984},
	month = {January},
	issn = {2070-1721},
	publisher = {RFC Editor},
	institution = {RFC Editor},
}

@misc{lua-angry,
	author = "Walter Luh",
	title = "Lua: the lingua franca of iPhone games",
	month = "4",
	year = "2010",
	url = "https://web.archive.org/web/20120502071633/http://blog.anscamobile.com/2010/04/lua-the-lingua-franca-of-iphone-games/",
	howpublished = "Corona Company Blog",
	note = "[Online; Internet Web Archive]",
}

@misc{lua-wow,
	author = "VV, AA",
	title = "World of Warcraft API",
	url = "http://wowwiki.wikia.com/wiki/World_of_Warcraft_API",
	month = "9",
	year = "2016",
	howpublished = "Community Wiki",
	note = "[Online; Visited on January 2018]",
}

@techreport{lasvegas,
	author = {László Babai},
	title = {Monte-Carlo algorithms in graph isomorphism testing},
	institution = {Université de Montréal, DMS},
	number = {79-10},
	year = {1979},
	url = "http://citeseerx.ist.psu.edu/viewdoc/citations;jsessionid=045CE9452314C6F69A9EE13F44D21EF9?doi=10.1.1.89.7302",
}

@article{bloomfilters,
	author = {Bloom, Burton H.},
	title = {Space/Time Trade-offs in Hash Coding with Allowable Errors},
	journal = {Commun. ACM},
	issue_date = {July 1970},
	volume = {13},
	number = {7},
	month = jul,
	year = {1970},
	issn = {0001-0782},
	pages = {422--426},
	numpages = {5},
	url = {http://doi.acm.org/10.1145/362686.362692},
	doi = {10.1145/362686.362692},
	acmid = {362692},
	publisher = {ACM},
	address = {New York, NY, USA},
	keywords = {hash addressing, hash coding, retrieval efficiency, retrieval trade-offs, scatter storage, searching, storage efficiency, storage layout},
} 

@article{golomb,
	author = {Golomb, Samuel W.},
	title = {Run-length Encodings (Corresp.)},
	journal = {IEEE Trans. Inf. Theor.},
	volume = {12},
	number = {3},
	month = jul,
	year = {1966},
	issn = {0018-9448},
	pages = {399--401},
	numpages = {3},
	url = {http://dx.doi.org/10.1109/TIT.1966.1053907},
	doi = {10.1109/TIT.1966.1053907},
	acmid = {2267399},
	publisher = {IEEE Press},
	address = {Piscataway, NJ, USA},
}

@techreport{rice,
	author = {Rice, R. F},
	title = {Some practical universal noiseless coding techniques},
	institution = {Jet Propulsion Lab., California Inst. of Tech},
	number = {79-22},
	year = {1979},
	url = "https://ntrs.nasa.gov/search.jsp?R=19790014634",
}

@misc{golomb-rice,
	author = "Wikipedia contributors",
	title = "Golomb coding",
	howpublished = "{W}ikipedia",
	month = "1",
	year = "2018",
	url = "https://en.wikipedia.org/wiki/Golomb_coding",
	note = "[Online; Visited on January 2018]"
}

@misc{golomb-safebrowsing,
	author = "Google",
	title = "Compression - Google Safe Browsing API v4",
	month = "2",
	year = "2017",
	url = "https://developers.google.com/safe-browsing/v4/compression",
	howpublished = "Google Developers Portale",
	note = "[Online; Visited on January 2017]",
}

@article{bloom-akamai,
	author = {Maggs, Bruce M. and Sitaraman, Ramesh K.},
	title = {Algorithmic Nuggets in Content Delivery},
	journal = {SIGCOMM Computer Communication Review},
	issue_date = {July 2015},
	volume = {45},
	number = {3},
	month = jul,
	year = {2015},
	issn = {0146-4833},
	pages = {52--66},
	numpages = {15},
	url = {http://doi.acm.org/10.1145/2805789.2805800},
	doi = {10.1145/2805789.2805800},
	acmid = {2805800},
	publisher = {ACM},
	address = {New York, NY, USA},
	keywords = {akamai, algorithms, bloom filter, content delivery network, internet services, leader election, load balancing, overlay routing, stable marriage},
}

@article{bloom-network,
	author = {Andrei Broder and Michael Mitzenmacher},
	title = {Network Applications of Bloom Filters: A Survey},
	journal = {Internet Mathematics},
	volume = {1},
	number = {4},
	pages = {485-509},
	year  = {2004},
	publisher = {Taylor & Francis},
	doi = {10.1080/15427951.2004.10129096},
	eprint = {http://www.eecs.harvard.edu/~michaelm/postscripts/im2005b.pdf},
	URL = {https://doi.org/10.1080/15427951.2004.10129096},
}

@article{bloom-proxy,
	author = {Fan, Li and Cao, Pei and Almeida, Jussara and Broder, Andrei Z.},
	title = {Summary Cache: A Scalable Wide-area Web Cache Sharing Protocol},
	journal = {IEEE/ACM Trans. Netw.},
	issue_date = {June 2000},
	volume = {8},
	number = {3},
	month = jun,
	year = {2000},
	issn = {1063-6692},
	pages = {281--293},
	numpages = {13},
	url = {http://dx.doi.org/10.1109/90.851975},
	doi = {10.1109/90.851975},
	acmid = {343572},
	publisher = {IEEE Press},
	address = {Piscataway, NJ, USA},
	keywords = {ICP, Web cache, Web proxy, bloom filter, cache sharing},
} 

@inbook{bloom-doublehash,
	author = "Dillinger, Peter C. and Manolios, Panagiotis",
	editor = "Hu, Alan J. and Martin, Andrew K.",
	title = "Bloom Filters in Probabilistic Verification",
	bookTitle = "Formal Methods in Computer-Aided Design: 5th International Conference, FMCAD 2004, Austin, Texas, USA, November 15-17, 2004. Proceedings",
	year = "2004",
	publisher = "Springer Berlin Heidelberg",
	address = "Berlin, Heidelberg",
	pages = "367--381",
	isbn = "978-3-540-30494-4",
	doi = "10.1007/978-3-540-30494-4_26",
	url = "https://doi.org/10.1007/978-3-540-30494-4_26"
}

@article{bloom-scalable,
	author = {Almeida, Paulo S{\'e}rgio and Baquero, Carlos and Pregui\c{c}a, Nuno and Hutchison, David},
	title = {Scalable Bloom Filters},
	journal = {Information Processing Letters},
	issue_date = {March, 2007},
	volume = {101},
	number = {6},
	month = mar,
	year = {2007},
	issn = {0020-0190},
	pages = {255--261},
	numpages = {7},
	url = {http://dx.doi.org/10.1016/j.ipl.2006.10.007},
	doi = {10.1016/j.ipl.2006.10.007},
	acmid = {1224501},
	publisher = {Elsevier North-Holland, Inc.},
	address = {Amsterdam, The Netherlands, The Netherlands},
	keywords = {Bloom filters, Data structures, Distributed systems, Randomized algorithms},
} 

@misc{lemire-reduction,
	author = "Daniel Lemire",
	title = "A fast alternative to the modulo reduction",
	month = "6",
	year = "2016",
	url = "https://lemire.me/blog/2016/06/27/a-fast-alternative-to-the-modulo-reduction/",
	howpublished = "Personal Blog",
	note = "[Online; Visited on January 2018]",
}


